@article{emailspam,
    author =       "Hugo Gal√°n Asensio",
    title =        "Inteligencia artificial.Redes neuronales y aplicaciones.",
    journal =      "Estudiantes",
    year =         "2010"
}
 
@book{IA,
    author    = "Russell, S.J.; Norvig, P",
    title     = "Inteligencia Artificial",
    year      = "1996",
    publisher = "Prentice Hall Hispanoamerica",
}
 
@misc{patterRecognition,
    author    = "Laura Lanzarini",
    title     = "Redes Neuronales aplicadas al Reconocimiento de patrones",
    howpublished = "\url{http://sedici.unlp.edu.ar/bitstream/handle/10915/22061/Documento_completo.pdf?sequence=1}",
  year = {2017}, 
  note = "[Online; accessed 15-Octubre-2017]"
}

@misc{python,
    author    = "Python Software Foundation",
    title     = "The official home of the Python Programming Language",
    howpublished = "\url{https://www.python.org/}",
  year = {2017}, 
  note = "[Online; accessed 16-Octubre-2017]"
}

@misc{neupy,
    author    = "Yurii Shevchuk",
    title     = "Python Library for Artificial Neural Networks",
    howpublished = "\url{http://neupy.com/pages/home.html}",
  year = {2017}, 
  note = "[Online; accessed 16-Octubre-2017]"
}

@misc{gradient,
    author    = "Wikipedia",
    title     = "Gradiente",
    howpublished = "\url{https://es.wikipedia.org/wiki/Gradiente}",
  year = {2017}, 
  note = "[Online; accessed 16-Octubre-2017]"
}
 
